
@online{twitter-agb,
	author = {Twitter Inc.},
	title = {Twitter Allgemeine Gesch√§ftsbedingungen},
	date = {2021-06-18},
	url = {https://twitter.com/de/tos},
}
